
@INPROCEEDINGS{jia,
  author={Jia, Weihang and Li, Jinhong and Zhao, Yujie},
  booktitle={2021 IEEE 4th International Conference on Computer and Communication Engineering Technology (CCET)}, 
  title={DQN Algorithm Based on Target Value Network Parameter Dynamic Update}, 
  year={2021},
  volume={},
  number={},
  pages={285-289},
  }

@book{zhang, place={Singapore}, title={Deep reinforcement learning: Fundamentals, research and applications}, publisher={Springer}, author={Zhang, Shanghang and Ding, Zihan and Dong, Hao}, year={2020}} 

@article{mnih, title={Human-level control through deep reinforcement learning}, volume={518}, DOI={10.1038/nature14236}, number={7540}, journal={Nature}, author={Mnih, Volodymyr and Kavukcuoglu, Koray and Silver, David and Rusu, Andrei A. and Veness, Joel and Bellemare, Marc G. and Graves, Alex and Riedmiller, Martin and Fidjeland, Andreas K. and Ostrovski, Georg and et al.}, year={2015}, month={Feb}, pages={529–533}} 

@ARTICLE{jang,
  author={Jang, Beakcheol and Kim, Myeonghwi and Harerimana, Gaspard and Kim, Jong Wook},
  journal={IEEE Access}, 
  title={Q-Learning Algorithms: A Comprehensive Classification and Applications}, 
  year={2019},
  volume={7},
  number={},
  pages={133653-133667},
  doi={10.1109/ACCESS.2019.2941229}}

@book{Sutton_Barto_2020, place={Cambridge}, title={Reinforcement learning: An introduction}, publisher={The MIT Press}, author={Sutton, Richard S. and Barto, Andrew G.}, year={2020}} 

@phdthesis{1989,
author = {Watkins, Christopher},
year = {1989},
title = {Learning From Delayed Rewards},
school = {King's College}
}

@article{1992, volume={8}, DOI={10.1023/a:1022676722315}, number={3/4}, journal={Machine Learning}, author={Watkins, Christopher J.C.H. and Dayan, Peter}, year={1992}, pages={279–292}, title = {Technical Note Q-Learning}} 


@book{Lapan_2020, place={Birmingham}, title={Deep reinforcement learning hands-on: Apply modern RL methods to practical problems of Chatbots, robotics, discrete optimization, web automation, and more}, publisher={Packt}, author={Lapan, Maxim}, year={2020}} 

@book{Szepesvari_2022, place={Switzerland AG}, title={Algorithms for reinforcement learning}, publisher={Springer nature}, author={Szepesvari, Csaba}, year={2022}} 

@article{yuxi,
  author       = {Yuxi Li},
  title        = {Deep Reinforcement Learning: An Overview},
  journal      = {CoRR},
  year         = {2017}
}

@book{laura, place={Boston}, title={Foundations of Deep Reinforcement Learning: Theory and practice in Python}, publisher={Addison-Wesley}, author={Graesser, Laura and Keng, Wah Loon}, year={2020}} 

@article{Zou_Han_So_2008, title={Overview of Artificial Neural Networks}, DOI={10.1007/978-1-60327-101-1_2}, journal={Methods in Molecular BiologyTM}, author={Zou, Jinming and Han, Yi and So, Sung-Sau}, year={2008}, pages={14–22}} 

@book{Zhang_Ding_Dong_2020, place={Singapore}, title={Deep reinforcement learning: Fundamentals, research and applications}, publisher={Springer}, author={Zhang, Shanghang and Ding, Zihan and Dong, Hao}, year={2020}} 

@misc{ibm,
  author = {IBM},
  title = {What is a Neural Network},
  url = {http://web.archive.org/web/20080207010024/http://www.808multimedia.com/winnt/kernel.htm}
}

